<record><leader>00000cas a22000007a 4500</leader><controlfield tag="001">15475532</controlfield><controlfield tag="008">870402d18871924paudn ne      0    0eng d</controlfield><datafield ind1=" " ind2=" " tag="010"><subfield code="a">sn 87080546 </subfield></datafield><datafield ind1=" " ind2=" " tag="040"><subfield code="a">NPH</subfield><subfield code="b">eng</subfield><subfield code="c">NPH</subfield><subfield code="d">OCLCQ</subfield></datafield><datafield ind1="1" ind2=" " tag="029"><subfield code="a">AU@</subfield><subfield code="b">000043212814</subfield></datafield><datafield ind1="1" ind2=" " tag="029"><subfield code="a">NZ1</subfield><subfield code="b">16070164</subfield></datafield><datafield ind1=" " ind2=" " tag="042"><subfield code="a">msc</subfield></datafield><datafield ind1="0" ind2=" " tag="130"><subfield code="a">New Castle herald (New Castle, Pa. : Daily)</subfield></datafield><datafield ind1="1" ind2="0" tag="245"><subfield code="a">New Castle herald.</subfield></datafield><datafield ind1="3" ind2="0" tag="246"><subfield code="a">Herald</subfield></datafield><datafield ind1=" " ind2=" " tag="260"><subfield code="a">[New Castle, Pa.] :</subfield><subfield code="b">A.G. McKean,</subfield><subfield code="c">-1924.</subfield></datafield><datafield ind1=" " ind2=" " tag="300"><subfield code="a">v. :</subfield><subfield code="b">ill.</subfield></datafield><datafield ind1=" " ind2=" " tag="310"><subfield code="a">Daily (except Sun.)</subfield></datafield><datafield ind1="1" ind2=" " tag="362"><subfield code="a">Began in 1887.</subfield></datafield><datafield ind1="0" ind2=" " tag="362"><subfield code="a">-v. 71, no. 121 (Aug. 2, 1924).</subfield></datafield><datafield ind1=" " ind2=" " tag="500"><subfield code="a">The words "New Castle" appear within masthead ornament, &lt;Sept. 1920-May 1923&gt;.</subfield></datafield><datafield ind1=" " ind2=" " tag="500"><subfield code="a">Publisher: Addison C. Dickinson, &lt;1906&gt;.</subfield></datafield><datafield ind1=" " ind2=" " tag="588"><subfield code="a">Description based on: Vol. 15, no. 159 (Sept. 14, 1901).</subfield></datafield><datafield ind1=" " ind2=" " tag="752"><subfield code="a">United States</subfield><subfield code="b">Pennsylvania</subfield><subfield code="c">Lawrence</subfield><subfield code="d">New Castle.</subfield></datafield><datafield ind1="0" ind2="5" tag="780"><subfield code="t">New Castle weekly herald</subfield><subfield code="w">(DLC)sn 87080513</subfield></datafield></record>